@ARTICLE{2018Mendes,
  author = {Mendes. Daniel and Caputo. Ariel and Giachetti. Andrea and Ferreira. Alfredo and Jorge. Joaquim},
  title = {A Survey on 3D Virtual Object Manipulation: From the Desktop to Immersive Virtual Environments: Survey on 3D Virtual Object Manipulation},
  journal = {Computer Graphics Forum},
  year = {2018}
}

@ARTICLE{2020Jaziar,
  author = {Radianti. Jaziar and Majchrzak. Tim A. and Fromm. Jennifer and Wohlgenannt. Isabell},
  title = {A Systematic Review of Immersive Virtual Reality Applications for Higher Education: Design Elements, Lessons Learned, and Research Agenda},
  journal = {Computers \& Education},
  year = {2020}
}

@INPROCEEDINGS{1996Poupyrev,
  author = {Poupyrev. Ivan and Billinghurst. Mark and Weghorst. Suzanne and Ichikawa. Tadao},
  title = {The Go-Go Interaction Technique: Non-linear Mapping for Direct Manipulation in VR},
  booktitle = {Proceedings of the 9th Annual ACM Symposium on User Interface Software and Technology},
  year = {1996},
  month = Nov
}

@INPROCEEDINGS{2005Frees,
  author = {S. Frees and G. D. Kessler},
  title = {Precise and Rapid Interaction Through Scaled Manipulation in Immersive Virtual Environments},
  booktitle = {IEEE Proceedings. VR 2005. Virtual Reality},
  year = {2005},
  month = Mar
}

@INPROCEEDINGS{1997Doug,
  author = {Doug A. Bowman and Larry F. Hodges},
  title = {An Evaluation of Techniques for Grabbing and Manipulating Remote Objects in Immersive Virtual Environments},
  booktitle = {Proceedings of the 1997 symposium on Interactive 3D graphics (I3D '97)},
  year = {1997},
  month = Apr
}

@INPROCEEDINGS{2008Curtis,
  author = {Curtis Wilkes and Doug A. Bowman},
  title = {Advantages of Velocity-Based Scaling for Distant 3D Manipulation},
  booktitle = {Proceedings of the 2008 ACM Symposium on Virtual Reality Software and Technology (VRST '08)},
  year = {2008},
  month = Oct
}

@ARTICLE{2015Auteri,
  author = {Auteri. Chris and Guerra. Mark and Frees. Scott},
  title = {Increasing Precision for Extended Reach 3D Manipulation},
  journal = {International Journal of Virtual Reality},
  year = {2015}
}

@ARTICLE{2008Noritaka,
  author = {Noritaka Osawa},
  title = {Two-Handed and One-Handed Techniques for Precise and Efficient Manipulation in Immersive Virtual Environments},
  journal = {roceedings of the 4th International Symposium on Advances in Visual Computing (ISVC '08)},
  year = {2008}
}

@INPROCEEDINGS{1992Stephanie,
  author = {Stephanie Houde},
  title = {Iterative Design of an Interface for Easy 3-D Direct Manipulation},
  booktitle = {Proceedings of the SIGCHI Conference on Human Factors in Computing Systems (CHI '92)},
  year = {1992},
  month = Jun
}

@INPROCEEDINGS{1992Conner,
  author = {Conner. Brookshire D. and Snibbe. Scott S. and Herndon. Kenneth P. and Robbins. Daniel C. and Zeleznik. Robert C. and van Dam. Andries},
  title = {Three-Dimensional Widgets},
  booktitle = {Proceedings of the 1992 Symposium on Interactive 3D Graphics},
  year = {1992},
  month = Jun
}

@INPROCEEDINGS{2016Mendes,
  author = {Mendes. Daniel and Relvas. Filipe and Ferreira. Alfredo and Jorge. Joaquim},
  title = {The Benefits of DOF Separation in Mid-Air 3D Object Manipulation},
  year = {2016},
  booktitle = {Proceedings of the 22nd ACM Conference on Virtual Reality Software and Technology},
  month = Nov
}

@INPROCEEDINGS{2010Martinet,
  author = {Martinet. Anthony and Casiez. Géry and Grisoni. Laurent},
  booktitle = {2010 IEEE Symposium on 3D User Interfaces (3DUI)}, 
  title = {The Design and Evaluation of 3D Positioning Techniques for Multi-Touch Displays}, 
  year = {2010},
  month = Mar
}

@INPROCEEDINGS{2010MartinetDOF,
  author = {Martinet. Anthony and Casiez. G\'{e}ry and Grisoni. Laurent},
  title = {The Effect of DOF Separation in 3D Manipulation Tasks with Multi-Touch Displays},
  year = {2010},
  booktitle = {Proceedings of the 17th ACM Symposium on Virtual Reality Software and Technology},
  month = Nov
}

@INPROCEEDINGS{2009Hancock,
  author = {Hancock. Mark and ten Cate. Thomas and Carpendale. Sheelagh},
  title = {Sticky Tools: Full 6DOF Force-Based Interaction for Multi-Touch Tables},
  year = {2009},
  booktitle = {Proceedings of the ACM International Conference on Interactive Tabletops and Surfaces},
  month = Nov
}

@INPROCEEDINGS{2009Reisman,
  author = {Reisman. Jason L. and Davidson. Philip L. and Han. Jefferson Y.},
  title = {A Screen-Space Formulation for 2D and 3D Direct Manipulation},
  year = {2009},
  booktitle = {Proceedings of the 22nd Annual ACM Symposium on User Interface Software and Technology},
  month = Oct
}

@INPROCEEDINGS{2011Mendes,
  author = {Mendes. Daniel and Lopes. Pedro and Ferreira. Alfredo},
  title = {Hands-on Interactive Tabletop LEGO Application},
  year = {2011},
  booktitle = {Proceedings of the 8th International Conference on Advances in Computer Entertainment Technology},
  month = Nov
}

@ARTICLE{2012Au,
  author = {Au. Oscar Kin-Chung and Tai. Chiew-Lan and Fu. Hongbo},
  title = {Multitouch Gestures for Constrained Transformation of 3D Objects},
  year = {2012},
  journal = {Computer Graphics Forum}
}

@ARTICLE{2021Monteiro,
  author={Monteiro. Pedro and Gonçalves. Guilherme and Coelho. Hugo and Melo. Miguel and Bessa. Maximino},
  journal={IEEE Transactions on Visualization and Computer Graphics}, 
  title={Hands-free interaction in immersive virtual reality: A systematic review}, 
  year={2021}
}

@BOOK{2019Carruth,
  author = {Carruth. Daniel and Hudson. Christopher and Bethel. Cindy and Pleva. Matus and Ondáš. Stanislav and Juhár. Jozef},
  year = {2019},
  title = {Using HMD for Immersive Training of Voice-Based Operation of Small Unmanned Ground Vehicles},
  isbn = {978-3-030-21564-4},
  publisher = {Springer International Publishing},
  url = {https://link.springer.com/chapter/10.1007/978-3-030-21565-1_3}
}

@INPROCEEDINGS{2014Mirzaei,
  author = {Mirzaei. M. A. and Chardonnet. J.-R. and M\'{e}rienne. F. and Genty. A.},
  title = {Navigation and Interaction in a Real-Scale Digital Mock-up Using Natural Language and User Gesture},
  year = {2014},
  booktitle = {Proceedings of the 2014 Virtual Reality International Conference},
  month = Apr
}

@INPROCEEDINGS{2017Ferracani,
  author = {Ferracani, Andrea and Faustino, Marco and Giannini, Gabriele Xavier and Landucci, Lea and Del Bimbo, Alberto},
  title = {Natural Experiences in Museums through Virtual Reality and Voice Commands},
  year = {2017},
  booktitle = {Proceedings of the 25th ACM International Conference on Multimedia},
  month = Oct
}

@ARTICLE{2023Adhanom,
  author = {Adhanom. I.B. and MacNeilage. P. and Folmer. E},
  title = {Eye Tracking in Virtual Reality: a Broad Review of Applications and Challenges},
  year = {2023},
  journal = {Virtual Reality}
}

@INPROCEEDINGS{2019Sidenmark,
  author = {Sidenmark. Ludwig and Gellersen. Hans},
  title = {Eye \& Head: Synergetic Eye and Head Movement for Gaze Pointing and Selection},
  year = {2019},
  booktitle = {Proceedings of the 32nd Annual ACM Symposium on User Interface Software and Technology},
  month = Oct
}

@INPROCEEDINGS{2000Tanriverdi,
  author = {Tanriverdi. Vildan and Jacob. Robert J. K.},
  title = {Interacting with Eye Movements in Virtual Environments},
  year = {2000},
  booktitle = {Proceedings of the SIGCHI Conference on Human Factors in Computing Systems},
  month = Apr
}

@INPROCEEDINGS{2018Hansen,
  author = {Hansen. John Paulin and Rajanna. Vijay and MacKenzie. I. Scott and B\ae{}kgaard. Per},
  title = {A Fitts' Law Study of Click and Dwell Interaction by Gaze, Head and Mouse with a Head-Mounted Display},
  year = {2018},
  booktitle = {Proceedings of the Workshop on Communication by Gaze Interaction},
  month = Jun
}

@INPROCEEDINGS{2019Luro,
  author = {Luro. Francisco Lopez and Sundstedt. Veronica},
  title = {A Comparative Study of Eye Tracking and Hand Controller for Aiming Tasks in Virtual Reality},
  year = {2019},
  booktitle = {Proceedings of the 11th ACM Symposium on Eye Tracking Research \& Applications},
  month = Jun
}

@INPROCEEDINGS{1990Jacob,
  author = {Jacob. Robert J. K.},
  title = {What You Look at is What You Get: Eye Movement-Based Interaction Techniques},
  year = {1990},
  booktitle = {Proceedings of the SIGCHI Conference on Human Factors in Computing Systems},
  month = Mar
}

@ARTICLE{2016Jacob,
  author = {Jacob. Rob and Stellmach. Sophie},
  title = {What You Look at is What You Get: Gaze-Based User Interfaces},
  year = {2016},
  journal = {Interactions},
}

@INPROCEEDINGS{2016Kumar,
  author={Kumar. Devender and Sharma. Amit},
  booktitle={2016 International Conference on Advances in Computing, Communications and Informatics (ICACCI)}, 
  title={Electrooculogram-based virtual reality game control using blink detection and gaze calibration}, 
  year={2016},
  month = Sep
}

@INPROCEEDINGS{2017Pfeuffer,
  author = {Pfeuffer. Ken and Mayer. Benedikt and Mardanbegi. Diako and Gellersen. Hans},
  title = {Gaze + Pinch Interaction in Virtual Reality},
  year = {2017},
  booktitle = {Proceedings of the 5th Symposium on Spatial User Interaction},
  month = Oct
}

@ARTICLE{2019Pai,
  author = {Pai. Yun Suen and Dingler. Tilman and Kunze. Kai},
  year = {2019},
  title = {Assessing hands-free interactions for VR using eye gaze and electromyography},
  journal = {Virtual Reality},
}

@INPROCEEDINGS{2017Qian,
  author = {Qian. Yuan Yuan and Teather. Robert J.},
  title = {The Eyes Don't Have It: An Empirical Comparison of Head-Based and Eye-Based Selection in Virtual Reality},
  year = {2017},
  booktitle = {Proceedings of the 5th Symposium on Spatial User Interaction},
  month = Oct
}

@INPROCEEDINGS{2020Sidenmark,
  author = {Sidenmark. Ludwig and Clarke. Christopher and Zhang. Xuesong and Phu. Jenny and Gellersen. Hans},
  title = {Outline Pursuits: Gaze-Assisted Selection of Occluded Objects in Virtual Reality},
  year = {2020},
  booktitle = {Proceedings of the 2020 CHI Conference on Human Factors in Computing Systems},
  month = Apr
}

@BOOK{2014Majaranta,
  author="Majaranta. P{\"a}ivi and Bulling. Andreas",
  title="Eye Tracking and Eye-Based Human--Computer Interaction",
  year="2014",
  publisher="Springer London",
  isbn="978-1-4471-6392-3",
  url="https://doi.org/10.1007/978-1-4471-6392-3_3"
}

@ARTICLE{2017Boyer,
  author = {Boyer. Eric and Lorenceau. Jean and Portron. Arthur and Bevilacqua. Frédéric},
  year = {2017},
  title = {Continuous Auditory Feedback of Eye Movements: An Exploratory Study toward Improving Oculomotor Control},
  journal = {Frontiers in Neuroscience},
}

@INPROCEEDINGS{2018Blattgerste,
  author = {Blattgerste. Jonas and Renner. Patrick and Pfeiffer. Thies},
  title = {Advantages of Eye-Gaze over Head-Gaze-Based Selection in Virtual and Augmented Reality under Varying Field of Views},
  year = {2018},
  booktitle = {Proceedings of the Workshop on Communication by Gaze Interaction},
  month = Jun
}

@INPROCEEDINGS{2018Mohan,
  author={Mohan. Pallavi and Goh. Wooi Boon and Fu. Chi-Wing and Yeung. Sai-Kit},
  booktitle={2018 IEEE International Symposium on Mixed and Augmented Reality Adjunct (ISMAR-Adjunct)}, 
  title={DualGaze: Addressing the Midas Touch Problem in Gaze Mediated VR Interaction}, 
  year={2018},
  month = Oct  
}

@INPROCEEDINGS{2020Hirzle,
  author = {Hirzle. Teresa and Cordts. Maurice and Rukzio. Enrico and Bulling. Andreas},
  booktitle = {ETRA '20: 2020 Symposium on Eye Tracking Research and Applications},
  year = {2020},
  title = {A Survey of Digital Eye Strainin Gaze-Based Interactive Systems},
  month = Jun
}

@BOOK{2001Purves,
  author="Purves D. Augustine GJ. Fitzpatrick D. et al.",
  title="Types of Eye Movements and Their Functions",
  year="2001",
  publisher="Sinauer Associates",
  isbn="0-87893-742-0",
  url="https://www.ncbi.nlm.nih.gov/books/NBK10991/"
}

@ARTICLE{2021Gloumeau,
  author={Gloumeau. P. Christopher and Stuerzlinger. Wolfgang and Han. JungHyun},
  journal={IEEE Transactions on Visualization and Computer Graphics}, 
  title={PinNPivot: Object Manipulation Using Pins in Immersive Virtual Environments}, 
  year={2021},
}

@INPROCEEDINGS{2021Yu,
  author = {Yu. Difeng and Lu. Xueshi and Shi. Rongkai and Liang. Hai-Ning and Dingler. Tilman and Velloso. Eduardo and Goncalves. Jorge},
  title = {Gaze-Supported 3D Object Manipulation in Virtual Reality},
  year = {2021},
  booktitle = {Proceedings of the 2021 CHI Conference on Human Factors in Computing Systems},
  month = May
}

@ARTICLE{2020Chang,
  title = {OrthoGaze: Gaze-based three-dimensional object manipulation using orthogonal planes},
  journal = {Computers \& Graphics},
  year = {2020},
  author = {Chang Liu and Alexander Plopski and Jason Orlosky},
}

@INPROCEEDINGS{2017Kim,
  author={Kim. Kyungyoon and Lawrence. Rebekah L. and Kyllonen. Nikki and Ludewig. Paula M. and Ellingson. Arin M. and Keefe. Daniel F.},
  booktitle={2017 IEEE Symposium on 3D User Interfaces (3DUI)}, 
  title={Anatomical 2D/3D shape-matching in virtual reality: A user interface for quantifying joint kinematics with radiographic imaging}, 
  year={2017},
  month = Mar
}
